@inproceedings{simutool_09,
        author={Velho, P. and Legrand, A.},
        title={{Accuracy Study and Improvement of Network Simulation in the SimGrid Framework}},
        booktitle={Proc. of the 2nd Intl. Conf. on Simulation Tools and Techniques},
       year={2009}
}


@InProceedings{nstools_07,
  title =     {{Speed and Accuracy of Network Simulation in the SimGrid Framework}},
  author =    {Fujiwara, K. and Casanova, H.},
  booktitle = {Proc. of the 1st Intl. Workshop on Network Simulation Tools},
  year =      {2007},
}

@INPROCEEDINGS{7384330,
  author={L. {Stanisic} and E. {Agullo} and A. {Buttari} and A. {Guermouche} and A. {Legrand} and F. {Lopez} and B. {Videau}},
  booktitle={2015 IEEE 21st International Conference on Parallel and Distributed Systems (ICPADS)},
  title={Fast and Accurate Simulation of Multithreaded Sparse Linear Algebra Solvers},
  year={2015},
  volume={},
  number={},
  pages={481-490},
}


@INPROCEEDINGS{8048921,
  author={F. C. {Heinrich} and T. {Cornebize} and A. {Degomme} and A. {Legrand} and A. {Carpen-Amarie} and S. {Hunold} and A. {Orgerie} and M. {Quinson}},
  booktitle={2017 IEEE International Conference on Cluster Computing (CLUSTER)},
  title={Predicting the Energy-Consumption of {MPI} Applications at Scale Using Only a Single Node},
  year={2017},
  volume={},
  number={},
  pages={92-102},
}


@INPROCEEDINGS{7885814,

  author={A. S. M. {Rizvi} and T. R. {Toha} and M. M. R. {Lunar} and M. A. {Adnan} and A. B. M. A. A. {Islam}},
  booktitle={2017 International Conference on Networking, Systems and Security (NSysS)},
  title={Cooling energy integration in {SimGrid}},
  year={2017},
  volume={},
  number={},
  pages={132-137},
}


@inproceedings{kecskemeti_2014,
    title={{Fostering Energy-Awareness in Simulations Behind Scientific Workflow Management Systems}},
    booktitle={Proc. of the 7th IEEE/ACM Intl. Conf. on Utility and Cloud Computing},
    year={2014},
    pages={29--38},
    author={Kecskemeti, G. and Ostermann, S. and Prodan, R.}
}


@article{smpi_tpds2017,
    author={Degomme, A. and Legrand, A. and Markomanolis, G. and Quinson, M. and Stillwell, M. and Suter, F.},
    title={{Simulating MPI applications: the SMPI approach}},
    journal={IEEE Transactions on Parallel and Distributed Systems},
    volume={28},
    pages={2387--2400},
    year={2017}
}



@inproceedings{smpi_validity,
        author={Bedaride, P. and Degomme, A. and Genaud, S. and Legrand, A. and Markomanolis, G. and Quinson, M. and Stillwell, M. and Suter, F. and Videau, B.},
        title={{Toward Better Simulation of MPI Applications on Ethernet/TCP Networks}},
        booktitle={Proc. of the 4th Intl. Workshop on Performance Modeling, Benchmarking and Simulation of High Performance Computer Systems},
        year={2013}
}


@article{pouilloux:hal-01197274,
  TITLE = {{SimGrid VM: Virtual Machine Support for a Simulation Framework of Distributed Systems}},
  AUTHOR = {Pouilloux, Laurent and Hirofuchi, Takahiro and Lebre, Adrien},
  JOURNAL = {{IEEE transactions on cloud computing}},
  HAL_LOCAL_REFERENCE = {STACK\_HCERES2020},
  PUBLISHER = {{IEEE}},
  YEAR = {2015},
  MONTH = Sep,
  DOI = {10.1109/TCC.2015.2481422},
  KEYWORDS = {Live Migration ; Cloud Computing ; Simulation ; Virtual Machine},
  PDF = {https://hal.inria.fr/hal-01197274/file/main.pdf},
  HAL_ID = {hal-01197274},
  HAL_VERSION = {v1},
}


@inproceedings{MDCSim,
  author={Lim, S.H. and Sharma, B. and Nam, G. and Kim, E.K. and Das, C.R.},
  title={{MDCSim: A multi-tier data center simulation platform}},
  booktitle={Intl. Conference on Cluster Computing and Workshops (CLUSTER)},
  year={2009}
}

@article{velhoTOMACS2013,
        title={{On the Validity of Flow-level TCP Network Models for Grid and Cloud Simulations}},
        author={Velho, P. and Mello Schnorr, L. and Casanova, H. and Legrand, A.},
        journal={ACM Transactions on Modeling and Computer Simulation},
        volume={23}, number={4},
        year={2013}
}


@Article{optorsim,
  author =       {Bell, William H. and Cameron, David G. and Millar,
                  A. Paul and Capozza, Luigi and Stockinger, Kurt and
                  Zini, Floriano},
  title =        {{OptorSim - A Grid Simulator for Studying Dynamic Data
                   Replication Strategies}},
  journal =      {IJHPCA},
  year =         2003,
  volume =       17,
  number =       4,
  pages = {403--416}
}

@Article{gridsim,
  author =       {Buyya, Rajkumar and Murshed, Manzur},
  title =        {{GridSim: A Toolkit for the Modeling and Simulation of
                   Distributed Resource Management and Scheduling for Grid
                   Computing}},
  journal =      {Concurrency and Computation: Practice and Experience},
  month =        Dec,
  year =         2002,
  volume =       14,
  number =       {13-15},
  pages = {1175--1220}
}


@InProceedings{groudsim,
  author =       {Ostermann, Simon and Prodan, Radu and Fahringer, Thomas },
  title =        {{Dynamic Cloud Provisioning for Scientific Grid
                  Workflows}},
  booktitle = {Proc. of the 11th ACM/IEEE Intl.
                  Conf. on Grid Computing (Grid)},
  year =         2010,
  pages = {97-104}
}

@Article{cloudsim,
  author =       {Calheiros, Rodrigo N. and Ranjan, Rajiv and Beloglazov,
                  Anton and De Rose, Cesar A. F. and Buyya,  Rajkumar},
  title =        {{CloudSim: A Toolkit for Modeling and Simulation of Cloud Computing Environments and Evaluation of Resource Provisioning Algorithms}},
  journal =      {Software: Practice and Experience},
  year =         2011,
  volume =       41,
  number =       1,
  pages =        {23-50},
  month =        jan
}

@INPROCEEDINGS{zheng_ipdps04,
  author={Zheng, Gengbin and Kakulapati, Gunavardhan and Kal\'e, Laxmikant},
  title={{BigSim: A Parallel Simulator for Performance Prediction of Extremely Large Parallel Machines}},
  year={2004},
  booktitle={Proc. of the 18th Intl. Parallel and Distributed Processing Symposium (IPDPS)},
  month=Apr
}

@article{dissect_cf,
    title={{DISSECT-CF: A simulator to foster energy-aware scheduling in infrastructure clouds}},
    author={Kecskemeti, G.},
    year={2015},
    journal={Simulation Modelling Practice and Theory},
    volume={58},
    number={2},
}

@INPROCEEDINGS{cloudnetsimplusplus,
author={A. W. {Malik} and K. {Bilal} and K. {Aziz} and D. {Kliazovich} and N. {Ghani} and S. U. {Khan} and R. {Buyya}},
booktitle={2014 11th Annual High Capacity Optical Networks and Emerging/Enabling Technologies (Photonics for Energy)},
title={{CloudNetSim++}: A toolkit for data center simulations in {OMNET++}},
year={2014},
volume={},
number={},
pages={104-108},}

@ARTICLE{fognetsimplusplus,
  author={T. {Qayyum} and A. W. {Malik} and M. A. {Khan Khattak} and O. {Khalid} and S. U. {Khan}},
  journal={IEEE Access},
  title={{FogNetSim++: A Toolkit for Modeling and Simulation of Distributed Fog Environment}},
  year={2018},
  volume={6},
  number={},
  pages={63570-63583},
  doi={10.1109/ACCESS.2018.2877696},
  ISSN={},
  month={},
}

@INPROCEEDINGS{ROSS,
        author={Carothers, C. D. and Bauer, D. and Pearce, S.},
        title={{ROSS: A High-Performance, Low Memory, Modular Time Warp System}},
        booktitle={Proc. of the 14th ACM/IEEE/SCS Workshop of Parallel on Distributed Simulation},
        pages={53--60},
        year={2000}
}







@inproceedings{casanova2008simgrid,
  TITLE = {{SimGrid: a Generic Framework for Large-Scale Distributed Experiments}},
  AUTHOR = {Casanova, Henri and Legrand, Arnaud and Quinson, Martin},
  BOOKTITLE = {{10th IEEE International Conference on Computer Modeling and Simulation - EUROSIM / UKSIM 2008}},
  ADDRESS = {Cambrige, United Kingdom},
  PUBLISHER = {{IEEE}},
  YEAR = {2008},
  MONTH = Apr,
  PDF = {https://hal.inria.fr/inria-00260697/file/uksim.pdf},
  HAL_ID = {inria-00260697},
  HAL_VERSION = {v1},
}

@article{casanova2014simgrid,
  TITLE = {{Versatile, Scalable, and Accurate Simulation of Distributed Applications and Platforms}},
  AUTHOR = {Casanova, Henri and Giersch, Arnaud and Legrand, Arnaud and Quinson, Martin and Suter, Fr{\'e}d{\'e}ric},
  JOURNAL = {{Journal of Parallel and Distributed Computing}},
  PUBLISHER = {{Elsevier}},
  VOLUME = {74},
  NUMBER = {10},
  PAGES = {2899-2917},
  YEAR = {2014},
  MONTH = Jun,
  DOI = {10.1016/j.jpdc.2014.06.008},
  HAL_ID = {hal-01017319},
  HAL_VERSION = {v2},
}

@article{huntenburg2018nighres,
  title={Nighres: processing tools for high-resolution neuroimaging},
  author={Huntenburg, Julia M and Steele, Christopher J and Bazin, Pierre-Louis},
  journal={GigaScience},
  volume={7},
  number={7},
  pages={giy082},
  year={2018},
  publisher={Oxford University Press}
}

@inproceedings{casanova2018wrench,
  TITLE = {{WRENCH: A Framework for Simulating Workflow Management Systems}},
  AUTHOR = {Casanova, Henri and Pandey, Suraj and Oeth, James and Tanaka, Ryan and Suter, Fr{\'e}d{\'e}ric and Ferreira Da Silva, Rafael},
  BOOKTITLE = {{WORKS 2018 - 13th Workshop on Workflows in Support of Large-Scale Science}},
  ADDRESS = {Dallas, United States},
  PAGES = {1-12},
  YEAR = {2018},
  MONTH = Nov,
  KEYWORDS = {Scientific Workflows ; Workflow Management Systems ; Simulation ; Distributed Computing},
  PDF = {https://hal.inria.fr/hal-01948162/file/casanova-works-2018.pdf},
  HAL_ID = {hal-01948162},
  HAL_VERSION = {v1},
}

@article{casanova2020fgcs,
  title = {{Developing Accurate and Scalable Simulators of Production Workflow Management Systems with WRENCH}},
  author = {Casanova, Henri and Ferreira da Silva, Rafael and Tanaka, Ryan and Pandey, Suraj and Jethwani, Gautam and Koch, William and Albrecht, Spencer and Oeth, James and Suter, Fr\'{e}d\'{e}ric},
  journal = {Future Generation Computer Systems},
  volume = {112},
  number = {},
  pages = {162--175},
  year = {2020},
  doi = {10.1016/j.future.2020.05.030}
}


@inproceedings{lebre2015,
  TITLE = {Adding Storage Simulation Capacities to the {SimGrid} Toolkit: Concepts, Models, and {API}},
  AUTHOR = {Lebre, Adrien and Legrand, Arnaud and Suter, Fr{\'e}d{\'e}ric and Veyre, Pierre},
  BOOKTITLE = {Proceedings of the 15th IEEE/ACM Symposium on Cluster, Cloud and Grid Computing (CCGrid 2015)},
  ADDRESS = {Shenzhen, China},
  HAL_LOCAL_REFERENCE = {STACK\_HCERES2020},
  PUBLISHER = {{IEEE/ACM}},
  PAGES = {251-260},
  YEAR = {2015},
  MONTH = May,
  DOI = {10.1109/CCGrid.2015.134},
  KEYWORDS = {Simgrid ; Storage ; Simulation ; Performance},
  PDF = {https://hal.inria.fr/hal-01197128/file/sg_storage_ccgrid15.pdf},
  HAL_ID = {hal-01197128},
  HAL_VERSION = {v1},
}
	
@book{linuxdev3rd2010,
	author = {Love, Robert},
	title = {Linux Kernel Development},
	year = {2010},
	isbn = {0672329468},
	publisher = {Addison-Wesley Professional},
	edition = {3rd}
}

@book{gorman2004understanding,
  title={Understanding the {Linux} virtual memory manager},
  author={Gorman, Mel},
  year={2004},
  publisher={Prentice Hall Upper Saddle River}
}

@article{owda2014comparison,
  title={A Comparison of Page Replacement Algorithms in {Linux} Memory Management},
  author={Owda, Hasan MH and Shah, Munam Ali and Musa, Abualgasim Ibrahim and Tamimy, Manzoor Ilahi},
  journal={memory},
  volume={1},
  pages={2},
  year={2014}
}

@inproceedings{byrne2017review,
  title={A review of cloud computing simulation platforms and related environments},
  author={Byrne, James and Svorobej, Sergej and Giannoutakis, Konstantinos M and Tzovaras, Dimitrios and Byrne, Peter J and {\"O}stberg, Per-Olov and Gourinovitch, Anna and Lynn, Theo},
  booktitle={International Conference on Cloud Computing and Services Science},
  volume={2},
  pages={679--691},
  year={2017},
  organization={SCITEPRESS}
}

@article{nunez2012simcan,
  title={{SIMCAN}: A flexible, scalable and expandable simulation platform for modelling and simulating distributed architectures and applications},
  author={N{\'u}{\~n}ez, Alberto and Fern{\'a}ndez, Javier and Filgueira, Rosa and Garc{\'\i}a, F{\'e}lix and Carretero, Jes{\'u}s},
  journal={Simulation Modelling Practice and Theory},
  volume={20},
  number={1},
  pages={12--32},
  year={2012},
  publisher={Elsevier}
}

@article{nunez2012icancloud,
  title={i{C}an{C}loud: A flexible and scalable cloud infrastructure simulator},
  author={N{\'u}{\~n}ez, Alberto and V{\'a}zquez-Poletti, Jose L and Caminero, Agustin C and Casta{\~n}{\'e}, Gabriel G and Carretero, Jesus and Llorente, Ignacio M},
  journal={Journal of Grid Computing},
  volume={10},
  number={1},
  pages={185--209},
  year={2012},
  publisher={Springer}
}

@article{xu2018saving,
  title={Saving energy on the edge: In-memory caching for multi-tier heterogeneous networks},
  author={Xu, Jianwen and Ota, Kaoru and Dong, Mianxiong},
  journal={IEEE Communications Magazine},
  volume={56},
  number={5},
  pages={102--107},
  year={2018},
  publisher={IEEE}
}

@inproceedings{hayot2019performance,
  title={Performance Evaluation of Big Data Processing Strategies for Neuroimaging},
  author={Hayot-Sasson, Val{\'e}rie and Brown, Shawn T and Glatard, Tristan},
  booktitle={2019 19th IEEE/ACM International Symposium on Cluster, Cloud and Grid Computing (CCGRID)},
  pages={449--458},
  year={2019},
  organization={IEEE}
}
@inproceedings{zhuang2017,
  title={Taming memory related performance pitfalls in {L}inux Cgroups},
  author={Zhuang, Zhenyun and Tran, Cuong and Weng, Jerry and Ramachandra, Haricharan and Sridharan, Badri},
  booktitle={2017 International Conference on Computing, Networking and Communications (ICNC)},
  pages={531--535},
  year={2017},
  organization={IEEE}
}

@article{ferreiradasilva-fgcs-bb-2019,
  title = {Measuring the Impact of Burst Buffers on Data-Intensive Scientific Workflows},
  author = {Ferreira da Silva, Rafael and Callaghan, Scott and Do, Tu Mai Anh and Papadimitriou, George and Deelman, Ewa},
  journal = {Future Generation Computer Systems},
  volume = {101},
  number = {},
  pages = {208--220},
  year = {2019},
  doi = {10.1016/j.future.2019.06.016}
}

@inproceedings{hayot2020performance,
  title={Performance benefits of {I}ntel{\textregistered} {O}ptane™ {DC} persistent memory for the parallel processing of large neuroimaging data},
  author={Hayot-Sasson, Val{\'e}rie and Brown, Shawn T and Glatard, Tristan},
  booktitle={2020 20th IEEE/ACM International Symposium on Cluster, Cloud and Internet Computing (CCGRID)},
  pages={509--518},
  year={2020},
  organization={IEEE}
}

@inproceedings{islam2015triple,
  title={{Triple-H}: A hybrid approach to accelerate {HDFS} on {HPC} clusters with heterogeneous storage architecture},
  author={Islam, Nusrat Sharmin and Lu, Xiaoyi and Wasi-ur-Rahman, Md and Shankar, Dipti and Panda, Dhabaleswar K},
  booktitle={2015 15th IEEE/ACM International Symposium on Cluster, Cloud and Grid Computing},
  pages={101--110},
  year={2015},
  organization={IEEE}
}

@INPROCEEDINGS{5496981,
  author={S. W. {Son} and S. {Lang} and P. {Carns} and R. {Ross} and R. {Thakur} and B. {Ozisikyilmaz} and P. {Kumar} and W. {Liao} and A. {Choudhary}},
  booktitle={2010 IEEE 26th Symposium on Mass Storage Systems and Technologies (MSST)}, 
  title={Enabling active storage on parallel {I/O} software stacks}, 
  year={2010},
  pages={1-12},
  doi={10.1109/MSST.2010.5496981}}
